@ARTICLE{2012arXiv1206.7051H,
       author = {{Hoffman}, Matt and {Blei}, David M. and {Wang}, Chong and {Paisley}, John},
        title = "{Stochastic Variational Inference}",
      journal = {arXiv e-prints},
     keywords = {Statistics - Machine Learning, Computer Science - Artificial Intelligence, Statistics - Computation, Statistics - Methodology},
         year = 2012,
        month = jun,
          eid = {arXiv:1206.7051},
        pages = {arXiv:1206.7051},
archivePrefix = {arXiv},
       eprint = {1206.7051},
 primaryClass = {stat.ML},
       adsurl = {https://ui.adsabs.harvard.edu/abs/2012arXiv1206.7051H},
      adsnote = {Provided by the SAO/NASA Astrophysics Data System}
}
@ARTICLE{2017arXiv171105597Z,
       author = {{Zhang}, Cheng and {Butepage}, Judith and {Kjellstrom}, Hedvig and {Mandt}, Stephan},
        title = "{Advances in Variational Inference}",
      journal = {arXiv e-prints},
     keywords = {Computer Science - Machine Learning, Statistics - Machine Learning},
         year = 2017,
        month = nov,
          eid = {arXiv:1711.05597},
        pages = {arXiv:1711.05597},
archivePrefix = {arXiv},
       eprint = {1711.05597},
 primaryClass = {cs.LG},
       adsurl = {https://ui.adsabs.harvard.edu/abs/2017arXiv171105597Z},
      adsnote = {Provided by the SAO/NASA Astrophysics Data System}
}
@ARTICLE{2016arXiv160300788K,
       author = {{Kucukelbir}, Alp and {Tran}, Dustin and {Ranganath}, Rajesh and {Gelman}, Andrew and {Blei}, David M.},
        title = "{Automatic Differentiation Variational Inference}",
      journal = {arXiv e-prints},
     keywords = {Statistics - Machine Learning, Computer Science - Artificial Intelligence, Computer Science - Machine Learning, Statistics - Computation},
         year = 2016,
        month = mar,
          eid = {arXiv:1603.00788},
        pages = {arXiv:1603.00788},
archivePrefix = {arXiv},
       eprint = {1603.00788},
 primaryClass = {stat.ML},
       adsurl = {https://ui.adsabs.harvard.edu/abs/2016arXiv160300788K},
      adsnote = {Provided by the SAO/NASA Astrophysics Data System}
}
@ARTICLE{2015arXiv150603431K,
       author = {{Kucukelbir}, Alp and {Ranganath}, Rajesh and {Gelman}, Andrew and {Blei}, David M.},
        title = "{Automatic Variational Inference in Stan}",
      journal = {arXiv e-prints},
     keywords = {Statistics - Machine Learning},
         year = 2015,
        month = jun,
          eid = {arXiv:1506.03431},
        pages = {arXiv:1506.03431},
archivePrefix = {arXiv},
       eprint = {1506.03431},
 primaryClass = {stat.ML},
       adsurl = {https://ui.adsabs.harvard.edu/abs/2015arXiv150603431K},
      adsnote = {Provided by the SAO/NASA Astrophysics Data System}
}
@ARTICLE{2019arXiv190303704H,
       author = {{Hoffman}, Matthew and {Sountsov}, Pavel and {Dillon}, Joshua V. and {Langmore}, Ian and {Tran}, Dustin and {Vasudevan}, Srinivas},
        title = "{NeuTra-lizing Bad Geometry in Hamiltonian Monte Carlo Using Neural Transport}",
      journal = {arXiv e-prints},
     keywords = {Statistics - Computation, Statistics - Machine Learning},
         year = 2019,
        month = mar,
          eid = {arXiv:1903.03704},
        pages = {arXiv:1903.03704},
archivePrefix = {arXiv},
       eprint = {1903.03704},
 primaryClass = {stat.CO},
       adsurl = {https://ui.adsabs.harvard.edu/abs/2019arXiv190303704H},
      adsnote = {Provided by the SAO/NASA Astrophysics Data System}
}
@ARTICLE{2014arXiv1412.5492P,
       author = {{Parno}, Matthew and {Marzouk}, Youssef},
        title = "{Transport map accelerated Markov chain Monte Carlo}",
      journal = {arXiv e-prints},
     keywords = {Statistics - Computation, 65C05, 28D05, 65C40},
         year = 2014,
        month = dec,
          eid = {arXiv:1412.5492},
        pages = {arXiv:1412.5492},
archivePrefix = {arXiv},
       eprint = {1412.5492},
 primaryClass = {stat.CO},
       adsurl = {https://ui.adsabs.harvard.edu/abs/2014arXiv1412.5492P},
      adsnote = {Provided by the SAO/NASA Astrophysics Data System}
}






@ARTICLE{betancourt,
       author = {{Betancourt}, Michael},
        title = "{A Conceptual Introduction to Hamiltonian Monte Carlo}",
      journal = {arXiv e-prints},
     keywords = {Statistics - Methodology},
         year = 2017,
        month = jan,
          eid = {arXiv:1701.02434},
        pages = {arXiv:1701.02434},
archivePrefix = {arXiv},
       eprint = {1701.02434},
 primaryClass = {stat.ME},
       adsurl = {https://ui.adsabs.harvard.edu/abs/2017arXiv170102434B},
      adsnote = {Provided by the SAO/NASA Astrophysics Data System}
}

@article{duane,
title = "Hybrid Monte Carlo",
journal = "Physics Letters B",
volume = "195",
number = "2",
pages = "216 - 222",
year = "1987",
issn = "0370-2693",
doi = "https://doi.org/10.1016/0370-2693(87)91197-X",
url = "http://www.sciencedirect.com/science/article/pii/037026938791197X",
author = "Simon Duane and A.D. Kennedy and Brian J. Pendleton and Duncan Roweth",
abstract = "We present a new method for the numerical simulation of lattice field theory. A hybrid (molecular dynamics/Langevin) algorithm is used to guide a Monte Carlo simulation. There are no discretization errors even for large step sizes. The method is especially efficient for systems such as quantum chromodynamics which contain fermionic degrees of freedom. Detailed results are presented for four-dimensional compact quantum electrodynamics including the dynamical effects of electrons."
}


@incollection{afshar,
title = {Reflection, Refraction, and Hamiltonian Monte Carlo},
author = {{Mohasel Afshar}, Hadi and {Domke}, Justin},
booktitle = {Advances in Neural Information Processing Systems 28},
editor = {C. Cortes and N. D. Lawrence and D. D. Lee and M. Sugiyama and R. Garnett},
pages = {3007--3015},
year = {2015},
publisher = {Curran Associates, Inc.},
url = {http://papers.nips.cc/paper/5801-reflection-refraction-and-hamiltonian-monte-carlo.pdf}
}

@ARTICLE{cobaya1,
       author = {{Torrado}, Jes{\'u}s and {Lewis}, Antony},
        title = "{Cobaya: Code for Bayesian Analysis of hierarchical physical models}",
      journal = {arXiv e-prints},
     keywords = {Astrophysics - Instrumentation and Methods for Astrophysics, Astrophysics - Cosmology and Nongalactic Astrophysics},
         year = 2020,
        month = may,
          eid = {arXiv:2005.05290},
        pages = {arXiv:2005.05290},
archivePrefix = {arXiv},
       eprint = {2005.05290},
 primaryClass = {astro-ph.IM},
       adsurl = {https://ui.adsabs.harvard.edu/abs/2020arXiv200505290T},
      adsnote = {Provided by the SAO/NASA Astrophysics Data System}
}

@MISC{cobaya2,
       author = {{Torrado}, Jes{\'u}s and {Lewis}, Antony},
        title = "{Cobaya: Bayesian analysis in cosmology}",
     keywords = {Software},
         year = 2019,
        month = oct,
          eid = {ascl:1910.019},
        pages = {ascl:1910.019},
archivePrefix = {ascl},
       eprint = {1910.019},
       adsurl = {https://ui.adsabs.harvard.edu/abs/2019ascl.soft10019T},
      adsnote = {Provided by the SAO/NASA Astrophysics Data System}
}

@article{gelman,
author = "Gelman, Andrew and Rubin, Donald B.",
doi = "10.1214/ss/1177011136",
fjournal = "Statistical Science",
journal = "Statist. Sci.",
month = "11",
number = "4",
pages = "457--472",
publisher = "The Institute of Mathematical Statistics",
title = "Inference from Iterative Simulation Using Multiple Sequences",
url = "https://doi.org/10.1214/ss/1177011136",
volume = "7",
year = "1992"
}

@ARTICLE{nuts,
       author = {{Hoffman}, Matthew D. and {Gelman}, Andrew},
        title = "{The No-U-Turn Sampler: Adaptively Setting Path Lengths in Hamiltonian Monte Carlo}",
      journal = {arXiv e-prints},
     keywords = {Statistics - Computation, Computer Science - Machine Learning},
         year = 2011,
        month = nov,
          eid = {arXiv:1111.4246},
        pages = {arXiv:1111.4246},
archivePrefix = {arXiv},
       eprint = {1111.4246},
 primaryClass = {stat.CO},
       adsurl = {https://ui.adsabs.harvard.edu/abs/2011arXiv1111.4246H},
      adsnote = {Provided by the SAO/NASA Astrophysics Data System}
}

@ARTICLE{planck18,
       author = {{Planck Collaboration} and {Aghanim}, N. and others},
        title = "{Planck 2018 results. V. CMB power spectra and likelihoods}",
      journal = {arXiv e-prints},
     keywords = {Astrophysics - Cosmology and Nongalactic Astrophysics},
         year = 2019,
        month = jul,
          eid = {arXiv:1907.12875},
        pages = {arXiv:1907.12875},
archivePrefix = {arXiv},
       eprint = {1907.12875},
 primaryClass = {astro-ph.CO},
       adsurl = {https://ui.adsabs.harvard.edu/abs/2019arXiv190712875P},
      adsnote = {Provided by the SAO/NASA Astrophysics Data System}
}


@ARTICLE{s4,
       author = {{Abazajian}, Kevork N. and others},
        title = "{CMB-S4 Science Book, First Edition}",
      journal = {arXiv e-prints},
     keywords = {Astrophysics - Cosmology and Nongalactic Astrophysics, General Relativity and Quantum Cosmology, High Energy Physics - Phenomenology, High Energy Physics - Theory},
         year = 2016,
        month = oct,
          eid = {arXiv:1610.02743},
        pages = {arXiv:1610.02743},
archivePrefix = {arXiv},
       eprint = {1610.02743},
 primaryClass = {astro-ph.CO},
       adsurl = {https://ui.adsabs.harvard.edu/abs/2016arXiv161002743A},
      adsnote = {Provided by the SAO/NASA Astrophysics Data System}
}


@ARTICLE{simons,
       author = {{Ade}, Peter and {Simons Observatory Collaboration} and others},
        title = "{The Simons Observatory: science goals and forecasts}",
      journal = {\jcap},
     keywords = {Astrophysics - Cosmology and Nongalactic Astrophysics},
         year = 2019,
        month = feb,
       volume = {2019},
       number = {2},
          eid = {056},
        pages = {056},
          doi = {10.1088/1475-7516/2019/02/056},
archivePrefix = {arXiv},
       eprint = {1808.07445},
 primaryClass = {astro-ph.CO},
       adsurl = {https://ui.adsabs.harvard.edu/abs/2019JCAP...02..056A},
      adsnote = {Provided by the SAO/NASA Astrophysics Data System}
}

